@book{Algorithms,
    author = {Cormen, Thomas H. and Stein, Clifford and Rivest, Ronald L. and Leiserson, Charles E.},
    title = {Introduction to Algorithms},
    year = {2001},
    isbn = {0070131511},
    edition = {2nd},
    publisher = {McGraw-Hill Higher Education},
}

@book{C++11,
    address = {Geneva, Switzerland},
    author = {{ISO}},
    bibdate = {Mon Dec 19 11:12:12 2011},
    bibsource = {http://www.math.utah.edu/pub/tex/bib/isostd.bib},
    biburl = {http://www.bibsonomy.org/bibtex/24b660c16d9a5ab0ad595b1555402c797/gron},
    day = 28,
    interhash = {ff5df6d7fa67f89d7d5ea964dab3e3c9},
    intrahash = {4b660c16d9a5ab0ad595b1555402c797},
    keywords = {C++ Specification Standard},
    month = feb,
    pages = {1338 (est.)},
    publisher = {International Organization for Standardization},
    remark = {Revises ISO/IEC 14882:2003.},
    timestamp = {2012-10-08T01:13:47.000+0200},
    title = {{ISO/IEC 14882:2011 Information technology --- Programming languages --- C++}},
    url = {http://www.iso.org/iso/iso_catalogue/catalogue_tc/catalogue_detail.htm?csnumber=50372},
    year = 2012
}

@MISC{CSSkipList,
    author = {Saulnier, Cleo},
    title = {SkipList Library \texttt{CS::SkipList}},
    howpublished = {\url{http://csskiplist.sourceforge.net/}}
}

@MISC{OurCode,
    author = {Koppenberg, Timo and Brederode, Pieter and Bodewes, Jelco and Golov, Anton},
    title = {{B3OMI} {D}ata {S}tructures {G}ithub {R}epository},
    howpublished = {\\\url{https://github.com/jesyspa/B3OMI-group-project-datastructures-2014}}
}

@book{TC++PL,
    author = {Stroustrup, Bjarne},
    title = {The  C++ Programming Language},
    year = {2000},
    isbn = {0201700735},
    edition = {3rd},
    publisher = {Addison-Wesley Longman Publishing Co., Inc.},
    address = {Boston, MA, USA},
}
